@mastersthesis {kaynak1995methods,
  author = "C Kaynak",
  title = "Methods of combining multiple classifiers and their applications to handwritten digit recognition",
  school = "Institute of Graduate Studies in Science and Engineering, Bogazici University",
  year = "1995",
}

 @misc{Chang2001,
    author = {Chih-Chung Chang and Chih-Jen Lin},
    note = {The Weka classifier works with version 2.82 of LIBSVM},
    title = {LIBSVM - A Library for Support Vector Machines},
    year = {2001},
    URL = {http://www.csie.ntu.edu.tw/\~cjlin/libsvm/}
 }
 
@article {frey1991letter,
  journal = "Machine Learning",
  author = "Peter W Frey and David J Slate",
  title = "Letter Recognition Using Holland-Style Adaptive Classifiers",
  pages = "161",
  volume = "6",
  year = "1991",
}

@misc{digitdataset,
 title = "Optical Recognition of Handwritten Digits Data Set",
 howpublished ="\url{http://archive.ics.uci.edu/ml/datasets/ 
 Optical+Recognition+of+Handwritten+Digits}",
 
}

@misc{letterdataset,
 title = "Optical Recognition of Handwritten Digits Data Set",
 howpublished ="\url{https://archive.ics.uci.edu/ml/datasets/ 
 Letter+Recognition}",
 
}

@article{hall2009weka,
  title={The WEKA data mining software: an update},
  author={Hall, Mark and Frank, Eibe and Holmes, Geoffrey and Pfahringer, Bernhard and Reutemann, Peter and Witten, Ian H},
  journal={ACM SIGKDD explorations newsletter},
  volume={11},
  number={1},
  pages={10--18},
  year={2009},
  publisher={ACM}
}

@article{cortes1995support,
  title={Support-vector networks},
  author={Cortes, Corinna and Vapnik, Vladimir},
  journal={Machine learning},
  volume={20},
  number={3},
  pages={273--297},
  year={1995},
  publisher={Springer}
}

@article{mcculloch1943logical,
  title={A logical calculus of the ideas immanent in nervous activity},
  author={McCulloch, Warren S and Pitts, Walter},
  journal={The bulletin of mathematical biophysics},
  volume={5},
  number={4},
  pages={115--133},
  year={1943},
  publisher={Springer}
}

@misc{minsky1988perceptrons,
  title={Perceptrons: An Introduction to Computational Geometry (expanded edn)},
  author={Minsky, Marvin and Papert, Seymour},
  year={1988},
  publisher={Cambridge, Mass.: MIT Press}
}

@article{bengio2009learning,
  title={Learning deep architectures for AI},
  author={Bengio, Yoshua},
  journal={Foundations and trends{\textregistered} in Machine Learning},
  volume={2},
  number={1},
  pages={1--127},
  year={2009},
  publisher={Now Publishers Inc.}
}

@article{schmidhuber2015deep,
  title={Deep learning in neural networks: An overview},
  author={Schmidhuber, J{\"u}rgen},
  journal={Neural Networks},
  volume={61},
  pages={85--117},
  year={2015},
  publisher={Elsevier}
}

@book{hagan1996neural,
  title={Neural network design},
  author={Hagan, Martin T and Demuth, Howard B and Beale, Mark H and De Jes{\'u}s, Orlando},
  volume={20},
  year={1996},
  publisher={PWS publishing company Boston}
}

@book{duda1973pattern,
  title={Pattern classification and scene analysis},
  author={Duda, Richard O and Hart, Peter E and others},
  volume={3},
  year={1973},
  publisher={Wiley New York}
}

@misc{Lichman2013,
author = "M. Lichman",
year = "2013",
title = "{UCI} Machine Learning Repository",
url = "http://archive.ics.uci.edu/ml",
institution = "University of California, Irvine, School of Information and Computer Sciences" }

@inproceedings{boser1992training,
  title={A training algorithm for optimal margin classifiers},
  author={Boser, Bernhard E and Guyon, Isabelle M and Vapnik, Vladimir N},
  booktitle={Proceedings of the fifth annual workshop on Computational learning theory},
  pages={144--152},
  year={1992},
  organization={ACM}
}
